@Article{nikovski00:_const_bayes,
  author = 		 {Daniel Nikovski},
  title = 		 {Construction {B}ayesian networks for medical diagnosis from incomplete and partially correct statistics},
  journal = 	 {IEEE Transactions on Knowledge and Data Engineering},
  year = 		 2000,
  key =			 {bayes net, probability elicitation, expert systems, AI, leaky noisy-OR nodes, medical diagnosis},
  volume =		 12,
  number =		 4,
  pages =		 {509-516},
  month =		 {July/August},
  note =		 {Special section: Building probabilistic networks: where do the numbers come from?},
  annote =		 {Issue Filed under IEEE***. Leak nodes from specificity and sensitivity data.}
}

@Article{monti00:_inconsistency,
  author = 		 {Stefano Monti and Giuseppe Garenini},
  title = 		 {Dealing with expert inconsistency in probability elicitation},
  journal = 	 {IEEE Transactions on Knowledge and Data Engineering},
  year = 		 2000,
  key =			 {bayes net, probability elicitation, expert systems, AI, AHP, Analytic Hierarchy Process},
  volume =		 12,
  number =		 4,
  pages =		 {499-408},
  month =		 {July/August},
  note =		 {Special section: Building probabilistic networks: where do the numbers come from?},
  annote =		 {**Issue filed under IEEE***. Pairwise comparisons with AHP. Scale comparisons 1..9, elicit all comparisons in 
                  a matrix, and use eigenvalue analysis to check the consistency of
                  the matrix: confront experts with inconsistency immediately.}
}

@InCollection{	  scheines:1996,
  author	= "Scheines, R.",
  title		= "An Introduction to Causal Inference",
  booktitle	= "Causality in Crisis?",
  editor	= "McKim and Turner",
  publisher	= "Notre Dame",
  annote	= "Finally found. A good basic introduction.",
  keywords	= "cause, causation, philosophy of science, statistical
		  inference, bayes",
  year		= "1996"
}

@InProceedings{wang00:_bayes,
  author = 		 {Haiqin Wang and Marek J. Druzdzel},
  title = 		 {user interface tools for navigation in conditional probability tables and elicitation of probabilities in {B}ayesian networks},
  booktitle = 	 {?},
  key =			 {Bayes net, probability elicitation, user interface, GUI, CPT},
  pages =		 {?},
  year =		 {>=2000},
  editor =		 {?},
  volume =		 {?},
  address =		 {?},
  organization = {?},
  publisher =	 {?},
  note =		 {Manuscript format},
  annote =		 {Read 7 Feb 2001}
}
@InCollection{	  korb:_pcs,
  author	= {Kevin B. Korb},
  title		= {Probabilistic Causal Structure},
  booktitle	= {Causation and Laws of Nature},
  publisher	= {Kluwer},
  year		= 1999,
  pages         = 265-311,
  editor	= {H. Sankey},
  annote	= {I have this is manuscript format as well. Annotated.}
}


